@article{PhysRevAccelBeams.23.044601,
	title = {Machine learning for orders of magnitude speedup in multiobjective optimization of particle accelerator systems},
	author = {Edelen, Auralee and \textbf{N. Neveu} and Frey, Matthias and Huber, Yannick and Mayes, Christopher and Adelmann, Andreas},
	journal = {Phys. Rev. Accel. Beams},
	volume = {23},
	issue = {4},
	pages = {044601},
	numpages = {23},
	year = {2020},
	month = {Apr},
	publisher = {American Physical Society},
	doi = {10.1103/PhysRevAccelBeams.23.044601},
	url = {https://link.aps.org/doi/10.1103/PhysRevAccelBeams.23.044601}
}

@article{PhysRevAccelBeams.22.054602,
	title = {Parallel general purpose multiobjective optimization framework with application to electron beam dynamics},
	author = {\textbf{N. Neveu} and Spentzouris, L. and Adelmann, A. and Ineichen, Y. and Kolano, A. and Metzger-Kraus, C. and Bekas, C. and Curioni, A. and Arbenz, P.},
	journal = {Phys. Rev. Accel. Beams},
	volume = {22},
	issue = {5},
	pages = {054602},
	numpages = {11},
	year = {2019},
	month = {May},
	publisher = {American Physical Society},
	doi = {10.1103/PhysRevAccelBeams.22.054602},
	url = {https://link.aps.org/doi/10.1103/PhysRevAccelBeams.22.054602}
}



@article{Jing201872,
	title = "Electron acceleration through two successive electron beam driven wakefield acceleration stages ",
	journal = "NIM Physics Research Section A: Accelerators, Spectrometers, Detectors and Associated Equipment ",
	volume = "898",
	number = "",
	pages = "72 - 76",
	year = "2018",
	note = "",
	issn = "0168-9002",
	doi = "https://doi.org/10.1016/j.nima.2018.05.007",
	url = "https://www.sciencedirect.com/science/article/pii/S0168900218305928",
	author = "C. Jing and S. Antipov and M. Conde and W. Gai and G. Ha and W. Liu and \textbf{N. Neveu} and J.G. Power and J. Qiu and J. Shi and D. Wang and E. Wisniewski",
	keywords = "Wakefield acceleration",
	keywords = "Staging",
	keywords = "Two beam acceleration",
	keywords = "High gradient "
}

@ARTICLE{7859465,
    author={X. {Liu} and D. R. {Jackson} and J. {Chen} and J. {Liu} and P. W. {Fink} and G. Y. {Lin} and \textbf{N. Neveu}},
    journal={IEEE Antennas and Propagation Magazine}, 
    title={Transparent and Nontransparent Microstrip Antennas on a CubeSat: Novel low-profile antennas for CubeSats improve mission reliability.}, 
    year={2017},
    volume={59},
    number={2},
    pages={59-68},
    doi={10.1109/MAP.2017.2655529}}

