@inproceedings{emma:ipac22,
    author         = "Snively, Emma and Othman, M. and Palmer, D. and Wehner, G. and  \textbf{N. Neveu} and Sage, G. and Nanni, E.",
    title          = "{Irradiation Experiments on the X-band Test Area Beamline at SLAC National Accelerator Laboratory}",
    booktitle      = "{Proc. of IPAC}",
    journal        = "",
    volume         = "",
    year           = "2022",
    address   = "",
    number         = "",
    pages          = "",
    doi            = "",
    SLACcitation   = ""
}

@inproceedings{yuantao:ipac21,
    author         = "Ding, Yuantao and \textbf{N. Neveu}",
    title          = "{LCLS-II Configuration Optimization with a Gaussian-Profile Injector Laser}",
    booktitle      = "{Proc. of IPAC}",
    journal        = "",
    volume         = "",
    year           = "2021",
    address   = "Virtual",
    number         = "",
    pages          = "",
    doi            = "",
    SLACcitation   = ""
}

@inproceedings{Neveu:napac19,
	author         = " \textbf{N. Neveu} and Maxwell, Tim and Mayes, Christopher",
	title          = "{Benchmarking the LCLS-II photoinjector}",
	booktitle      = "{NAPAC}",
	year           = "2019",
    address   = "Lansing, MI",
	pages          = "",
	doi            = "",
	SLACcitation   = ""
}



inproceedings{Neveu:2019lqx,
	author         = " \textbf{N. Neveu} and Hudson, Stephen and Larson, Jeffrey and
	Spentzouris, Linda",
	title          = "{Comparison of Model-Based and Heuristic Optimization
	Algorithms Applied to Photoinjectors Using Libensemble}",
	booktitle      = "{ICAP 2018}",
	address  	   = "Key West, FL"
	year           = "2018",
	pages          = "SAPAF03",
	doi            = "10.18429/JACoW-ICAP2018-SAPAF03",
	SLACcitation   = "%%CITATION = INSPIRE-1736118;%%"
}

inproceedings{tba18,
	author         = "\textbf{N. Neveu} and Spentzouris, L. and Power, J. G. and Gai, W. and Jing, C. ",
	title          = "{Staged Two Beam Acceleration Beam Line Design for the AWA Facility}",
	booktitle      = "{Proc. of IPAC}",
	address	       = "Vancouver, Canada",
	year           = "May 2018",
	url            = "",
	pages          = "TUPML064",
	doi            = "",
	SLACcitation   = ""
}

@inproceedings{opt18,
	author         = "\textbf{N. Neveu} and Spentzouris, L. and Larson, J. and Power, J. G. ",
	title          = "{Photoinjector Optimization Studies at the AWA}",
	booktitle      = "{Proc. of IPAC}",
	address	       = "Vancouver, Canada",
	year           = "May 2018",
	url            = "",
	pages          = "THPMF049",
	doi            = "",
	SLACcitation   = ""
}

Halavanau, A. and Spentzouris, L. and
Piot, P. and Antipov, S. and Power, J. and Wisniewski, E. and Whiteford, C. ",
inproceedings{ctr18,
	author         = "\textbf{N. Neveu} and  others",
	title          = "{Bunch Length Measurements Using CTR at the AWA with Comparison to Simulation}",
	booktitle      = "{Proc. of IPAC}",
	address	       = "Vancouver, Canada",
	year           = "May 2018",
	url            = "",
	pages          = "THPF048",
	doi            = "",
	SLACcitation   = ""
}


Adelmann, A. and Ha, G. and
Metzger-Kraus, C. and Piot, P. and Power, J.
and Russell, S. and Spentzouris, L.",
inproceedings{benchmark,
	author         = "\textbf{N. Neveu} and others",
	title          = "{Benchmark of RF Photoinjector and Dipole Using ASTRA,
	GPT, and OPAL}",
	booktitle      = "{Proc. NAPAC}",
	address        = "Chicago, Illinois, USA",
	year           = "Oct. 2016",
	url            = "http://accelconf.web.cern.ch/AccelConf/napac2016/papers/thpoa46.pdf",
	pages          = "THPOA46",
	doi            = "10.18429/JACoW-NAPAC2016-THPOA46",
	reportNumber   = "NAPAC-2016-THPOA46",
	SLACcitation   = "%%CITATION = NAPAC-2016-THPOA46;%%"
}

inproceedings{Neveu2016,
	author         = "\textbf{N. Neveu} and others",
	title          = "{Drive generation and propagation studies for the two
	beam acceleration experiment at the Argonne Wakefield Accelerator}",
	booktitle      = "{Proc. of IPAC}",
	address	       = "Busan, Korea",
	year           = "May 2016",
	url            = "https://inspirehep.net/record/1469977/files/tupmy036.pdf",
	pages          = "TUPMY036",
	doi            = "10.18429/JACoW-IPAC2016-TUPMY036",
	SLACcitation   = "%%CITATION = INSPIRE-1469977;%%"
}



inproceedings{shao18,
	author         = "Shao, J. and Conde, M. and Doran, D. and Gai, W. and Wanming, L.  and \textbf{N. Neveu} and Power, J. and Whiteford, C. and Wisniewski, E. and Zheng, L. and Jing, C. ",
	title          = "{Short Pulse High Power RF Generation with an X-band Dielectric Power Extractor}",
	booktitle      = "{Proc. of IPAC}",
	address	       = "Vancouver, Canada",
	year           = "May 2018",
	url            = "",
	pages          = "TUPML007",
	doi            = "",
	SLACcitation   = ""
}

inproceedings{janardan1,
	author         = "Upadhyay, J. and Simakov, E. and Conde, M. and Gao, Q. and Power, J. and Shao, J. and Wisniewski, E. and \textbf{N. Neveu} ",
	title          = "{Simulations and Measurements of the Wakefield Loading Effect in Argonne Wakefield Accelerator Beam Line}",
	booktitle      = "{Proc. of IPAC}",
	address	       = "Vancouver, Canada",
	year           = "May 2018",
	url            = "",
	pages          = "THPML012",
	doi            = "",
	SLACcitation   = ""
}

inproceedings{janardan2,
	author         = "Upadhyay, J. and Simakov, E. and Conde, M. and Gao, Q. and \textbf{N. Neveu} and Power, J. and Shao, J. and Wisniewski, E.  ",
	title          = "{Demonstration of the Wakefield Acceleration in an 11.7 GHz Photonic Band Gap Accelerator Structure}",
	booktitle      = "{Proc. of IPAC}",
	address	       = "Vancouver, Canada",
	year           = "May 2018",
	url            = "",
	pages          = "THPML013",
	doi            = "",
	SLACcitation   = ""
}

inproceedings{manoel18,
	author         = "Conde, M. and Doran, D. and Wangming, L. and Power, J. and Shao, J. and Whiteford, C. Jing, C. and \textbf{N. Neveu} and Wang, Y. and Wisniewski, E. and Ha, G. and Gai, W. and Gao, Q. and Zheng, L. and Antipov, S.",
	title          = "{AWA Facility Update and Recent Experimental Results}",
	booktitle      = "{Proc. of IPAC'18}",
	address	       = "Vancouver, Canada",
	year           = "May 2018",
	url            = "",
	pages          = "TUPMK007",
	doi            = "",
	SLACcitation   = ""
}


inproceedings{Zheng2017,
	author         = "Zheng, L. and Gai, W. and Jing, C. and Liu,
	W. and \textbf{N. Neveu} and Power, J. and Shao,
	J. and Tang, C. and Wisniewski, E.",
	title          = "{Measurements of Thermal Emittance for Cesium Telluride Photocathodes in an L-Band RF Gun}",
	booktitle      = "{Proceedings, 8th International Particle Accelerator
	Conference (IPAC 2017): Copenhagen, Denmark, May 14-19,
	2017}",
	year           = "2017",
	url            = "http://inspirehep.net/record/1626865/files/tupab074.pdf",
	pages          = "TUPAB074",
	doi            = "10.18429/JACoW-IPAC2017-TUPAB074",
	SLACcitation   = "%%CITATION = INSPIRE-1626865;%%"
}


inproceedings{Fiorito:2017mte,
	author         = "Fiorito, R. and Conde, M. and Mete, O.
	and \textbf{N. Neveu} and Power, J. and Shkvarunets, A.
	and Welsch, C. and Zhang, H.",
	title          = "{Validation of a Novel Emittance Diagnostic Method for
	Beams with Significant Space Charge}",
	booktitle      = "{Proceedings, 8th International Particle Accelerator
	Conference (IPAC 2017): Copenhagen, Denmark, May 14-19,
	2017}",
	year           = "2017",
	url            = "http://accelconf.web.cern.ch/AccelConf/ipac2017/papers/mopab137.pdf",
	pages          = "MOPAB137",
	doi            = "10.18429/JACoW-IPAC2017-MOPAB137",
	reportNumber   = "IPAC-2017-MOPAB137",
	SLACcitation   = "%%CITATION = IPAC-2017-MOPAB137;%%"
}

comment{Shao:2017ddg,
	author         = "Shao, J. and Jing, C. and Antipov, S. and Conde, M. and
	Gai, W. and Ha, G. and Liu, W. and \textbf{N. Neveu} and Power, J. G.
	and Qiu, J. and Wang, D. and Wisniewski, E. and Zheng, L.",
	title          = "{Recent Two-Beam Acceleration Activities at Argonne
	Wakefield Accelerator Facility}",
	booktitle      = "{Proceedings, 8th International Particle Accelerator
	Conference (IPAC 2017): Copenhagen, Denmark, May 14-19,
	2017}",
	year           = "2017",
	url            = "http://inspirehep.net/record/1627233/files/wepva022.pdf",
	pages          = "WEPVA022",
	doi            = "10.18429/JACoW-IPAC2017-WEPVA022",
	SLACcitation   = "%%CITATION = INSPIRE-1627233;%%"
}

comment{Conde:2017gra,
	author         = "Conde, M. and Doran, D. and Gai, W. and Liu, W. and Power,
	J. G. and Shao, J. and Whiteford, C. and Wisniewski, E. and Antipov, S.
	and Jing, C. and Qiu, J. and \textbf{N. Neveu} and Wang, D. and Ha, G.
	and Gao, Q. and Zheng, L. ",
	title          = "{Research Program and Recent Results at the Argonne
	Wakefield Accelerator Facility (AWA)}",
	booktitle      = "{Proceedings, 8th International Particle Accelerator
	Conference (IPAC 2017): Copenhagen, Denmark, May 14-19,
	2017}",
	year           = "2017",
	url            = "http://inspirehep.net/record/1627156/files/wepab132.pdf",
	pages          = "WEPAB132",
	doi            = "10.18429/JACoW-IPAC2017-WEPAB132",
	SLACcitation   = "%%CITATION = INSPIRE-1627156;%%"
}





