

@techreport{tech2,
    author      = "\textbf{N. Neveu} and  Ding, Yuantao",
    title       = "LCLS-II Standard Configuration with a Gaussian-Profile Injector Laser ",
    institution = "SLAC",
    number = "LCLS-II-TN-21-01 ",
    year        = "2021"
}

@techreport{tech1,
    author      = "\textbf{N. Neveu} and Sudar, N., and Ding, Y, and Marcus, G. and Marinelli, A. and Mayes, C. ",
    title       = "LCLS-II Standard Configuration with a Gaussian-Profile Injector Laser ",
    institution = "SLAC",
    number = "LCLS-II-TN-20-03 ",
    year        = "2020"
}



@article{Neveu:2017vov,
      author         = "\textbf{N. Neveu} and Larson, J. and Power, J. G. and
                        Spentzouris, L.",
      title          = "{Photoinjector optimization using a derivative-free,
                        model-based trust-region algorithm for the Argonne
                        Wakefield Accelerator}",
      booktitle      = "{Proceedings, 8th International Particle Accelerator
                        Conference (IPAC 2017): Copenhagen, Denmark, May 14-19,
                        2017}",
      journal        = "J. Phys. Conf. Ser.",
      volume         = "874",
      year           = "2017",
      number         = "1",
      pages          = "012062",
      doi            = "10.1088/1742-6596/874/1/012062",
      SLACcitation   = "%%CITATION = 00462,874,012062;%%"
}